<record><leader>00000cas a2200000 a 4500</leader><controlfield tag="001">30861526</controlfield><controlfield tag="007">hd bfu---baat</controlfield><controlfield tag="007">hd afu---bact</controlfield><controlfield tag="008">940802d18821974nbuwr nea     0    0eng c</controlfield><datafield ind1=" " ind2=" " tag="010"><subfield code="a">sn 94055475 </subfield></datafield><datafield ind1=" " ind2=" " tag="040"><subfield code="a">NVG</subfield><subfield code="b">eng</subfield><subfield code="c">NVG</subfield><subfield code="d">OCLCQ</subfield><subfield code="d">OCLCF</subfield><subfield code="d">OCLCO</subfield></datafield><datafield ind1="1" ind2=" " tag="029"><subfield code="a">AU@</subfield><subfield code="b">000011230144</subfield></datafield><datafield ind1=" " ind2=" " tag="042"><subfield code="a">pcc</subfield></datafield><datafield ind1=" " ind2=" " tag="043"><subfield code="a">n-us-nb</subfield></datafield><datafield ind1="0" ind2=" " tag="130"><subfield code="a">Public mirror (Arapahoe, Neb.)</subfield></datafield><datafield ind1="1" ind2="4" tag="245"><subfield code="a">The public mirror</subfield><subfield code="h">[microform].</subfield></datafield><datafield ind1="1" ind2="3" tag="246"><subfield code="a">Mirror</subfield></datafield><datafield ind1="3" ind2="0" tag="246"><subfield code="a">Mirror-observer</subfield></datafield><datafield ind1=" " ind2=" " tag="260"><subfield code="a">Arapahoe, Neb. :</subfield><subfield code="b">Chas. E. Reed,</subfield><subfield code="c">-1974.</subfield></datafield><datafield ind1=" " ind2=" " tag="300"><subfield code="a">v.</subfield></datafield><datafield ind1=" " ind2=" " tag="310"><subfield code="a">Weekly</subfield></datafield><datafield ind1="1" ind2=" " tag="362"><subfield code="a">Began in 1882.</subfield></datafield><datafield ind1="0" ind2=" " tag="362"><subfield code="a">-v. 95, no. 22 (May 30, 1974).</subfield></datafield><datafield ind1=" " ind2=" " tag="500"><subfield code="a">Published in Arapahoe and Holbrook, June 17, 1948-July 7, 1956.</subfield></datafield><datafield ind1=" " ind2=" " tag="515"><subfield code="a">Issues for Vol. 20, no. 35 (Jan. 17, 1902)-v. 33, no. 49 (Apr. 29, 1915) called also whole no. 1023-whole no. 1869.</subfield></datafield><datafield ind1=" " ind2=" " tag="515"><subfield code="a">Issues for May 6-Dec. 30, 1915 lack issue numbering.</subfield></datafield><datafield ind1=" " ind2=" " tag="580"><subfield code="a">Issues for Jan. 6, 1938-Dec. 14, 1939 include the initial pages of: Holbrook observer.</subfield></datafield><datafield ind1=" " ind2=" " tag="580"><subfield code="a">Absorbed: Edison record (Edison, Neb.), 1917; Edison echo, 1946.</subfield></datafield><datafield ind1=" " ind2=" " tag="588"><subfield code="a">Description based on: Vol. 1, no. 21 (Oct. 19, 1882).</subfield></datafield><datafield ind1=" " ind2=" " tag="533"><subfield code="a">Microfilm.</subfield><subfield code="m">Nov. 18,1954-May 30,1974:[Gaps]</subfield><subfield code="b">Lincoln, Neb. :</subfield><subfield code="c">Nebraska State Historical Society.</subfield><subfield code="e">14 microfilm reels ; 35 mm.</subfield></datafield><datafield ind1=" " ind2="0" tag="651"><subfield code="a">Furnas County (Neb.)</subfield><subfield code="v">Newspapers.</subfield></datafield><datafield ind1=" " ind2="7" tag="655"><subfield code="a">Newspapers.</subfield><subfield code="2">fast</subfield><subfield code="0">(OCoLC)fst01423814</subfield></datafield><datafield ind1=" " ind2="7" tag="651"><subfield code="a">Nebraska</subfield><subfield code="z">Furnas County.</subfield><subfield code="2">fast</subfield><subfield code="0">(OCoLC)fst01209227</subfield></datafield><datafield ind1=" " ind2=" " tag="752"><subfield code="a">United States</subfield><subfield code="b">Nebraska</subfield><subfield code="c">Furnas</subfield><subfield code="d">Arapahoe.</subfield></datafield><datafield ind1="1" ind2="5" tag="780"><subfield code="t">Edison record (Edison, Neb.)</subfield><subfield code="w">(DLC)sn 94056518</subfield></datafield><datafield ind1="1" ind2="5" tag="780"><subfield code="t">Edison echo</subfield><subfield code="w">(DLC)sn 95070109</subfield></datafield><datafield ind1="0" ind2="0" tag="785"><subfield code="t">Arapahoe public mirror</subfield><subfield code="w">(DLC)sn 94055516</subfield></datafield><datafield ind1="1" ind2=" " tag="787"><subfield code="t">Holbrook observer</subfield><subfield code="w">(DLC)sn 94055517</subfield></datafield></record>